<?xml version="1.0" encoding="UTF-8"?><collection xmlns="http://www.loc.gov/MARC21/slim"><record><leader>00586nam--2200193-u-4500</leader><controlfield tag="001">000053388</controlfield><controlfield tag="002">20161230</controlfield><controlfield tag="005">20161230201051</controlfield><controlfield tag="008">110323s1000------------r-----000-0-eng-d</controlfield><datafield ind1=" " ind2=" " tag="020"><subfield code="a">0521829607</subfield></datafield><datafield ind1=" " ind2=" " tag="040"><subfield code="a">IFIN-HH</subfield></datafield><datafield ind1=" " ind2=" " tag="080"><subfield code="a">51-7(512.54:513.882:514.7)(075)</subfield></datafield><datafield ind1="1" ind2=" " tag="100"><subfield code="a">Szekeres, Peter</subfield></datafield><datafield ind1="1" ind2="0" tag="245"><subfield code="a">A course in modern mathematical physics: groups, hilbert space and differential geometry</subfield><subfield code="c">Peter szekeres</subfield></datafield><datafield ind1=" " ind2=" " tag="260"><subfield code="a">Cambridge</subfield><subfield code="b">Cambridge University Press</subfield><subfield code="c">2004</subfield></datafield><datafield ind1=" " ind2=" " tag="300"><subfield code="a">600P</subfield></datafield><datafield ind1=" " ind2="4" tag="650"><subfield code="a">Mathematical Physics</subfield></datafield><datafield ind1=" " ind2=" " tag="852"><subfield code="a">81659</subfield><subfield code="c">530.1</subfield></datafield><datafield ind1=" " ind2=" " tag="CAT"><subfield code="a">Sys</subfield><subfield code="c">20110323</subfield><subfield code="h">144653</subfield></datafield></record></collection>